@Book{xie2015,
  title = {Dynamic Documents with {R} and knitr},
  author = {Yihui Xie},
  publisher = {Chapman and Hall/CRC},
  address = {Boca Raton, Florida},
  year = {2015},
  edition = {2nd},
  note = {ISBN 978-1498716963},
  url = {http://yihui.name/knitr/},
}

@Book{OpenIntroStat,
  title = {OpenIntro Statistics 3rd Edition},
  author = {David M Dietz and Christpher D Barr and Mine Cetinkaya-Rundel},
  publisher = {openintro.org},
  year = {2017},
  note = {opensource},
  url = {https://openintro.org},
}

@Book{LearnStatJamovi,
  title = {learning statistics with jamovi: a tutorial for psychology students and other beginners.},
  author = {Danielle J. Navarro and David R. Foxcroft},
  year = {2019},
  doi = {10.24384/hgc3-7p15},
  url = {https://www.learnstatswithjamovi.com/},
}

@online{BrandonFoltz,
  title = {Youtube Channel Brandon Foltz},
  date = {2021},
  organization = {Youtube},
  author = {Brandon Foltz},
  url = {https://www.youtube.com/user/BCFoltz},
}

@Book{huesler,
  title = {Statistische Prinzipien für medizinische Projekte},
  author = {Jürg Hüsler and Heinz Zimmermann},
  publisher = {Hogrefe AG},
  year = {2010},
  note = {ISBN 9783456848686},
}

@book{Discovering,
place={London, England},
title={Discovering statistics using R},
ISBN={9781446200452},
publisher={SAGE Publications},
author={Field, Andy and Miles, Jeremy and Field, Zoe},
year={2012}
}

@book{Adventure,
place={London, England},
title={An adventure in statistics: The reality enigma},
ISBN={9781446210451},
publisher={SAGE Publications},
author={Field, Andy},
year={2016}
}

@book{King2019,
  title={Statistics for Biomedical Engineers and Scientists},
  ISBN={978-0-08-102939-8},
  publisher={Academic Press},
  author={King, Andrew and Eckersley, Robert},
  year={2019}
}

@book{Leonhart2013,
  title={Lehrbuch Statistik. Einstieg und Vertiefung},
  ISBN={978-3-456-85258-4},
  publisher={Hans Huber},
  author={Leonhart, Rainer},
  year={2013}
}

@misc{Realstat,
  title={Real Statistics Using Excel},
  url={https://www.real-statistics.com/non-parametric-tests/wilcoxon-signed-ranks-test/},
  author={Mi and Charles and Wadi and Lindsay, James and James and Chen, Junyu and Richard and Corre, Mathieu Le et al.},
  year={2022}
}

@misc{Hughes2012,
  title={Introduction to Nonparametric Statistics Using R},
  journal={Lecture Handout},
  author={Hughes, M.},
  year={2012}
}
